@incollection{lin2014manifold,
  title={Manifold de Bruijn Graphs},
  author={Lin, Yu and Pevzner, Pavel A},
  booktitle={Algorithms in Bioinformatics},
  pages={296--310},
  year={2014},
  publisher={Springer}
}