@article{bruijn1946combinatorial,
  title={A combinatorial problem},
  author={Bruijn, de NG},
  journal={Proceedings of the Koninklijke Nederlandse Akademie van Wetenschappen. Series A},
  volume={49},
  number={7},
  pages={758},
  year={1946}
}

@inproceedings{chikhi2014representation,
  title={On the representation of de Bruijn graphs},
  author={Chikhi, Rayan and Limasset, Antoine and Jackman, Shaun and Simpson, Jared T and Medvedev, Paul},
  booktitle={Research in Computational Molecular Biology},
  pages={35--55},
  year={2014},
  organization={Springer}
}

@article{holley2015bloom,
  title={Bloom Filter Trie--a data structure for pan-genome storage},
  author={Holley, Guillaume and Wittler, Roland and Stoye, Jens},
  year={2015}
}

@incollection{minkin2013sibelia,
  title={Sibelia: a scalable and comprehensive synteny block generation tool for closely related microbial genomes},
  author={Minkin, Ilya and Patel, Anand and Kolmogorov, Mikhail and Vyahhi, Nikolay and Pham, Son},
  booktitle={Algorithms in Bioinformatics},
  pages={215--229},
  year={2013},
  publisher={Springer}
}

@article{marcus2014splitmem,
  title={SplitMEM: A graphical algorithm for pan-genome analysis with suffix skips},
  author={Marcus, Shoshana and Lee, Hayan and Schatz, Michael C},
  journal={Bioinformatics},
  volume={30},
  number={24},
  pages={3476--3483},
  year={2014},
  publisher={Oxford Univ Press}
}

@article{pevzner19891,
  title={1-Tuple DNA sequencing: computer analysis},
  author={Pevzner, Pavel A},
  journal={Journal of Biomolecular structure and dynamics},
  volume={7},
  number={1},
  pages={63--73},
  year={1989},
  publisher={Taylor \& Francis}
}

@article{lemire2010recursive,
  title={Recursive n-gram hashing is pairwise independent, at best},
  author={Lemire, Daniel and Kaser, Owen},
  journal={Computer Speech \& Language},
  volume={24},
  number={4},
  pages={698--710},
  year={2010},
  publisher={Elsevier}
}